<record><leader>00000cas a2200000 a 4500</leader><controlfield tag="001">24291176</controlfield><controlfield tag="008">910826d187u187uiluwr ne      0   a0eng c</controlfield><datafield ind1=" " ind2=" " tag="010"><subfield code="a">sn 91054677 </subfield></datafield><datafield ind1=" " ind2=" " tag="040"><subfield code="a">NVF</subfield><subfield code="b">eng</subfield><subfield code="c">NVF</subfield><subfield code="d">NVF</subfield><subfield code="d">OCLCF</subfield><subfield code="d">OCLCO</subfield><subfield code="d">NVF</subfield></datafield><datafield ind1=" " ind2=" " tag="042"><subfield code="a">pcc</subfield></datafield><datafield ind1=" " ind2=" " tag="043"><subfield code="a">n-us-il</subfield></datafield><datafield ind1="0" ind2=" " tag="130"><subfield code="a">Jacksonville journal (Jacksonville, Ill. : 1876)</subfield></datafield><datafield ind1="1" ind2="0" tag="245"><subfield code="a">Jacksonville journal.</subfield></datafield><datafield ind1=" " ind2=" " tag="260"><subfield code="a">Jacksonville, Ill. :</subfield><subfield code="b">Simmons &amp; Eames</subfield></datafield><datafield ind1=" " ind2=" " tag="300"><subfield code="a">v.</subfield></datafield><datafield ind1=" " ind2=" " tag="310"><subfield code="a">Weekly</subfield></datafield><datafield ind1=" " ind2=" " tag="580"><subfield code="a">Daily ed.: Jacksonville journal (Jacksonville, Ill. : 1874), &lt;1876-1877&gt;.</subfield></datafield><datafield ind1=" " ind2=" " tag="588"><subfield code="a">Description based on: Vol. 33, no. 15 (Sept. 13, 1876).</subfield></datafield><datafield ind1=" " ind2=" " tag="588"><subfield code="a">Latest issue consulted: Feb. 21, 1877.</subfield></datafield><datafield ind1=" " ind2="0" tag="651"><subfield code="a">Jacksonville (Ill.)</subfield><subfield code="v">Newspapers.</subfield></datafield><datafield ind1=" " ind2="7" tag="651"><subfield code="a">Illinois</subfield><subfield code="z">Jacksonville.</subfield><subfield code="2">fast</subfield><subfield code="0">(OCoLC)fst01214078</subfield></datafield><datafield ind1=" " ind2="7" tag="655"><subfield code="a">Newspapers.</subfield><subfield code="2">fast</subfield><subfield code="0">(OCoLC)fst01423814</subfield></datafield><datafield ind1=" " ind2=" " tag="752"><subfield code="a">United States</subfield><subfield code="b">Illinois</subfield><subfield code="c">Morgan</subfield><subfield code="d">Jacksonville.</subfield></datafield><datafield ind1="1" ind2=" " tag="775"><subfield code="t">Jacksonville journal (Jacksonville, Ill. : 1874)</subfield><subfield code="w">(DLC)sn 85038353</subfield><subfield code="w">(OCoLC)12309998</subfield></datafield><datafield ind1="0" ind2="0" tag="780"><subfield code="t">Weekly Jacksonville journal</subfield><subfield code="w">(DLC)sn 85033737</subfield><subfield code="w">(OCoLC)12228726</subfield></datafield><datafield ind1="0" ind2="0" tag="785"><subfield code="t">Weekly journal (Jacksonville, Ill.)</subfield><subfield code="w">(DLC)sn 91054678</subfield><subfield code="w">(OCoLC)24291297</subfield></datafield><datafield ind1="1" ind2=" " tag="029"><subfield code="a">AU@</subfield><subfield code="b">000020685630</subfield></datafield></record>